39900000         204216817000152COBCNAB001299075952401299000000075952400LISTENERS SISTEMAS LTDA       HSBC                                    11702200920183100000803000000                                                                     
39900011R0100020 2004216817000152COBCNAB001299075952401299000000075952400LISTENERS SISTEMAS LTDA                                                                                       000000081702200900000000                                 
3990001300001P 0101299000000075952400798950001846        1112212/1           2402200900000000000020000000002N17022009100000000000000000000001000000000000000000000000000000000000000000000000000000FL=11/LR=875/PC=1        3002000090000079895 
3990001300002Q 012082645862000136HACO ETIQUETAS LTDA                     RUA HENRIQUE CONRAD,595                 VILA ITOUPAVA  89095300BLUMENAU       SC0000000000000000                                                                       
3990001300003R 01000000000000000000000000000000000000000000000000000000000000000000000000                                                                                          0000000000000000000000000000                                 
39900015         000005                                                                                                                                                                                                                         
39999999         000001000007000000                                                                                                                                                                                                             
